@ARTICLE{Lee+1957,
  author = {Lee, T. D. and Oehme, Reinhard and Yang, C. N.},
  title = {Remarks on Possible Noninvariance under Time Reversal and Charge
	Conjugation},
  journal = {Phys. Rev.},
  year = {1957},
  volume = {106},
  pages = {340--345},
  number = {2},
  month = {Apr},
  numpages = {5},
  publisher = {American Physical Society},
  timestamp = {2010.06.30}
} 

@MISC{Doug,
  author = {Doug E. Fresh},
  howpublished = {My friend Doug told me this stuff. Don't worry, he's legit.},
  timestamp = {2010.08.28}
}

@ARTICLE{Science,
  author = {Science},
  title = {Science},
  journal = {Science},
  year = {Science!},
  volume = {Science},
  pages = {Science},
  number = {Science},
  month = {Apr},
  numpages = {5},
  publisher = {American Physical Society},
  timestamp = {2010.06.30}
} 
