@Article{DetectorPaper:2008,
collaboration  = "ATLAS",
title     = "{The ATLAS Experiment at the CERN Large Hadron Collider}",
journal   = "JINST",
volume    = "3",
year      = "2008",
pages     = "S08003",
doi       = "10.1088/1748-0221/3/08/S08003",
}

@article{Miyazawa:1966,
Author = {Miyazawa, H.},
Doi = {10.1143/PTP.36.1266},
Journal = {Prog. Theor. Phys.},
Pages = {1266},
Slaccitation = {%%CITATION = PRTHP,36(6),1266;%%},
Title = "{Baryon Number Changing Currents}",
Volume = {36 (6)},
Year = {1966},
Bdsk-Url-1 = {http://dx.doi.org/10.1143/PTP.36.1266}}

@article{Ramond:1971gb,
Author = {Ramond, P.},
Doi = {10.1103/PhysRevD.3.2415},
Journal = {Phys. Rev.},
Pages = {2415},
Slaccitation = {%%CITATION = PHRVA,D3,2415;%%},
Title = "{Dual Theory for Free Fermions}",
Volume = {D 3},
Year = {1971},
Bdsk-Url-1 = {http://dx.doi.org/10.1103/PhysRevD.3.2415}}

@article{Golfand:1971iw,
Author = {Golfand, Yu. A. and Likhtman, E. P.},
Journal = {JETP Lett.},
Note = {[Pisma Zh.Eksp.Teor.Fiz.13:452-455,1971]},
Pages = {323},
Slaccitation = {%%CITATION = JTPLA,13,323;%%},
Title = {{Extension of the Algebra of Poincare Group Generators and Violation of p Invariance}},
Volume = {13},
Year = {1971}}

@article{Neveu:1971rx,
Author = {Neveu, A. and Schwarz, J. H.},
Doi = {10.1016/0550-3213(71)90448-2},
Journal = {Nucl. Phys.},
Pages = {86},
Slaccitation = {%%CITATION = NUPHA,B31,86;%%},
Title = "{Factorizable dual model of pions}",
Volume = {B 31},
Year = {1971},
Bdsk-Url-1 = {http://dx.doi.org/10.1016/0550-3213(71)90448-2}}  

@article{Gervais:1971ji,
Author = {Gervais, J.L. and Sakita, B.},
Doi = {10.1016/0550-3213(71)90351-8},
Journal = {Nucl. Phys.},
Pages = {632},
Slaccitation = {%%CITATION = NUPHA,B34,632;%%},
Title = "{Field theory interpretation of supergauges in dual models}",
Volume = {B 34},
Year = {1971},
Bdsk-Url-1 = {http://dx.doi.org/10.1016/0550-3213(71)90351-8}}

@article{Neveu:1971iv,
Author = {Neveu, A. and Schwarz, J. H.},
Doi = {10.1103/PhysRevD.4.1109},
Journal = {Phys. Rev.},
Pages = {1109},
Slaccitation = {%%CITATION = PHRVA,D4,1109;%%},
Title = {{Quark Model of Dual Pions}},
Volume = {D 4},
Year = {1971},
Bdsk-Url-1 = {http://dx.doi.org/10.1103/PhysRevD.4.1109}}

@article{Volkov:1973ix,
Author = {Volkov, D. V. and Akulov, V. P.},
Doi = {10.1016/0370-2693(73)90490-5},
Journal = {Phys. Lett.},
Pages = {109},
Slaccitation = {%%CITATION = PHLTA,B46,109;%%},
Title = "{Is the Neutrino a Goldstone Particle?}",
Volume = {B 46},
Year = {1973},
Bdsk-Url-1 = {http://dx.doi.org/10.1016/0370-2693(73)90490-5}}

@article{Wess:1973kz,
Author = {Wess, J. and Zumino, B.},
Doi = {10.1016/0370-2693(74)90578-4},
Journal = {Phys. Lett.},
Pages = {52},
Slaccitation = {%%CITATION = PHLTA,B49,52;%%},
Title = "{A Lagrangian Model Invariant Under Supergauge Transformations}",
Volume = {B 49},
Year = {1974},
Bdsk-Url-1 = {http://dx.doi.org/10.1016/0370-2693(74)90578-4}}

@article{Wess:1974tw,
Author = {Wess, J. and Zumino, B.},
Doi = {10.1016/0550-3213(74)90355-1},
Journal = {Nucl. Phys.},
Pages = {39},
Slaccitation = {%%CITATION = NUPHA,B70,39;%%},
Title = "{Supergauge Transformations in Four-Dimensions}",
Volume = {B 70},
Year = {1974},
Bdsk-Url-1 = {http://dx.doi.org/10.1016/0550-3213(74)90355-1}}

@article{Fayet:1976et,
Author = {Fayet, P.},
Doi = {10.1016/0370-2693(76)90319-1},
Journal = {Phys. Lett.},
Pages = {159},
Slaccitation = {%%CITATION = PHLTA,B64,159;%%},
Title = "{Supersymmetry and Weak, Electromagnetic and Strong Interactions}",
Volume = {B 64},
Year = {1976},
Bdsk-Url-1 = {http://dx.doi.org/10.1016/0370-2693(76)90319-1}}
                                                                    
@article{Fayet:1977yc,
Author = {Fayet, P.},
Doi = {10.1016/0370-2693(77)90852-8},
Journal = {Phys. Lett.},
Pages = {489},
Slaccitation = {%%CITATION = PHLTA,B69,489;%%},
Title = "{Spontaneously Broken Supersymmetric Theories of Weak, Electromagnetic and Strong Interactions}",
Volume = {B 69},
Year = {1977},
Bdsk-Url-1 = {http://dx.doi.org/10.1016/0370-2693(77)90852-8}}

@article{Farrar:1978xj,
Author = {Farrar, G. R. and Fayet, P.},
Doi = {10.1016/0370-2693(78)90858-4},
Journal = {Phys. Lett.},
Pages = {575},
Slaccitation = {%%CITATION = PHLTA,B76,575;%%},
Title = "{Phenomenology of the Production, Decay, and Detection of New Hadronic States Associated with Supersymmetry}",
Volume = {B 76},
Year = {1978},
Bdsk-Url-1 = {http://dx.doi.org/10.1016/0370-2693(78)90858-4}}

Journal = {Phys. Lett.},
Pages = {416},
Slaccitation = {%%CITATION = PHLTA,B84,416;%%},
Title = "{Relations Between the Masses of the Superpartners of Leptons and Quarks, the Goldstino Couplings and the Neutr\
al Currents}",
Volume = {B 84},
Year = {1979},
Bdsk-Url-1 = {http://dx.doi.org/10.1016/0370-2693(79)91229-2}}
                                                                   

% 1lepton
@article{1l-8TeV-2015,
      author         = "{ATLAS Collaboration}",
      title          = "{Search for squarks and gluinos in events with isolated
                        leptons, jets and missing transverse momentum at
                        $\sqrt{s}=8$ TeV with the ATLAS detector}",
      collaboration  = "ATLAS Collaboration",
      year           = "2015",
      eprint         = "1501.03555",
      archivePrefix  = "arXiv",
      primaryClass   = "hep-ex",
      reportNumber   = "CERN-PH-EP-2014-278",
      note           = "{submitted to JHEP}",
      SLACcitation   = "%%CITATION = ARXIV:1501.03555;%%",
}

%8TeV sbottom
@article{sbottom-8TeV-2013,
      author         = "{ATLAS Collaboration}",
      title          = "Search for direct third-generation squark pair production in final states with missing transverse momentum and two b-jets in $\sqrt{s}$=8 TeV pp ccollisions with the ATLAS detector",
      xcollaboration  = "ATLAS Collaboration",
      journal        = "JHEP",
      volume         = "10",
      pages          = "189",
      doi            = "10.1007/JHEP10(2013)189",
      year           = "2013",
      eprint         = "1308.2631",
      archivePrefix  = "arXiv",
      primaryClass   = "hep-ex",
      reportNumber   = "CERN-PH-EP-2013-119",
      SLACcitation   = "%%CITATION = ARXIV:1308.2631;%%",
}

%mct def
@article{mct-paper,
      author         = "{D. R. Tovey}",
      title          = "{On measuring the masses of pair-produced semi-invisibly decaying particles at hadron colliders}",
      xcollaboration  = "",
      journal        = "JHEP",
      volume         = "04",
      pages          = "034",
      doi            = "10.1088/1126-6708/2008/04/034",
      year           = "2008",
      eprint         = "0802.2879v3",
      archivePrefix  = "arXiv",
      primaryClass   = "hep-ph",
      reportNumber   = "",
      SLACcitation   = "%%CITATION = ARXIV:0802.2879v3;%%",
}

%8TeV zl
@article{zl-8TeV-2013,
      author         = "{ATLAS Collaboration}",
      title          = "{Search for squarks and gluinos with the ATLAS detector in final states with jets and missing transverse momentum using 20.3 $\ifb$ of $\sqrt{s}$=8 TeV proton-proton collision datector}",
      collaboration  = "ATLAS Collaboration",
      journal        = "JHEP",
      volume         = "09",
      pages          = "176",
      doi            = "10.1007/JHEP09(2014)176",
      year           = "2014",
      eprint         = "1405.7875",
      archivePrefix  = "arXiv",
      primaryClass   = "hep-ex",
      reportNumber   = "CERN-PH-EP-2014-093",
      SLACcitation   = "%%CITATION = ARXIV:1405.7875;%%",
}

%AntiKt                                                                                                                                                                                                                                                                     
@article{Cacciari:2008gp,                                                                                                                                                                                                                                                  
      author         = "Cacciari, Matteo and Salam, Gavin P. and Soyez, Gregory",
      title          = "{The Anti-k(t) jet clustering algorithm}",
      journal        = "JHEP",
      volume         = "0804",
      pages          = "063",
      doi            = "10.1088/1126-6708/2008/04/063",
      year           = "2008",
      eprint         = "0802.1189",
      archivePrefix  = "arXiv",
      primaryClass   = "hep-ph",
      reportNumber   = "LPTHE-07-03",
      SLACcitation   = "%%CITATION = ARXIV:0802.1189;%%",                                                                                                                                                                                                                    
}

%topoclusters
@techreport{Lampl:1099735,
      author        = "Lampl, W and Laplace, S and Lelas, D and Loch, P and Ma, H
                       and Menke, S and Rajagopalan, S and Rousseau, D and Snyder,
                       S and Unal, G",
      title         = "{Calorimeter Clustering Algorithms: Description and
                       Performance}",
      institution   = "CERN",
      address       = "Geneva",
      number        = "ATL-LARG-PUB-2008-002. ATL-COM-LARG-2008-003",
      month         = "Apr",
      year          = "2008",
}

%b-tagging
@article{ATLAS-CONF-2012-043,
      author         = "{ATLAS Collaboration}",
      title         = "{Measurement of the b-tag Efficiency in a Sample of Jets
                       Containing Muons with 5 $fb^{-1}$ of Data from the ATLAS
                       Detector}",
      institution   = "CERN",
      collaboration = "ATLAS Collaboration",
      address       = "Geneva",
      number        = "ATLAS-CONF-2012-043",
      note          = "\url{https://cds.cern.ch/record/1435197}",
      month         = "Mar",
      year          = "2012",
}

@misc{bjetsCalib,
	url={https://twiki.cern.ch/twiki/bin/viewauth/AtlasProtected/BTaggingCalibrationDataInterface}
}

%electron ID                                                                                                                                                               
@techreport{ATL-PHYS-PUB-2011-006,                                                                                                                                          
      author         = "{ATLAS Collaboration}",
      title         = "{Expected electron performance in the ATLAS experiment}",
      institution   = "CERN",
      address       = "Geneva",
      number        = "ATL-PHYS-PUB-2011-006",
      month         = "Apr",
      year          = "2011",
}

%Muon CP recommendations
@misc{MCPTwiki,
        url={https://twiki.cern.ch/twiki/bin/viewauth/AtlasProtected/MCPAnalysisGuidelinesData2012}                                                                             
}

@article{Borschensky:2014cia,
      author         = "Borschensky, Christoph and Krämer, Michael and Kulesza,
                        Anna and Mangano, Michelangelo and Padhi, Sanjay and
                        others",
      title          = "{Squark and gluino production cross sections in pp
                        collisions at $\sqrt s=$ 13, 14, 33 and 100 TeV}",
      journal        = "Eur.Phys.J.",
      volume         = "C74",
      pages          = "3174",
      doi            = "10.1140/epjc/s10052-014-3174-y",
      year           = "2014",
      eprint         = "1407.5066",
      archivePrefix  = "arXiv",
      primaryClass   = "hep-ph",
      reportNumber   = "MS-TP-14-25, CERN-PH-TH-2014-137, TTK-14-13",
      SLACcitation   = "%%CITATION = ARXIV:1407.5066;%%",
}


@Article{madgraph,
      author         = "Alwall, Johan and others",
      title          = "{MadGraph/MadEvent v4: The New Web Generation}",
      journal        = "JHEP",
      volume         = "0709",
      pages          = "028",
      doi            = "10.1088/1126-6708/2007/09/028",
      year           = "2007",
      eprint         = "0706.2334",
      archivePrefix  = "arXiv",
      primaryClass   = "hep-ph",
      reportNumber   = "SLAC-PUB-12603, CP3-07-17",
      SLACcitation   = "%%CITATION = ARXIV:0706.2334;%%",
}



@Article{                 pub-2011-009,
  author         = "{ATLAS Collaboration}",
  collaboration = "ATLAS",
  title         = "ATLAS tunes of PYTHIA6 and Pythia8 for MC11",
  year          = "2011",
  journal               = "ATL-PHYS-PUB-2011-009",
  eprint    = "https://cds.cern.ch/record/1363300"
}



@Article{Sjostrand:2006za,
      author         = "Sjostrand, Torbjorn and Mrenna, Stephen and Skands, Peter
                        Z.",
      title          = "{PYTHIA 6.4 Physics and Manual}",
      journal        = "JHEP",
      volume         = "0605",
      pages          = "026",
      doi            = "10.1088/1126-6708/2006/05/026",
      year           = "2006",
      eprint         = "hep-ph/0603175",
      archivePrefix  = "arXiv",
      primaryClass   = "hep-ph",
      reportNumber   = "FERMILAB-PUB-06-052-CD-T, LU-TP-06-13",
      SLACcitation   = "%%CITATION = HEP-PH/0603175;%%",
}


@Article{         gleisberg:2008ta,
  author        = "Gleisberg, T. and others",
  title         = "{Event generation with SHERPA 1.1}",
  journal       = jhep,
  volume        = "02",
  year          = "2009",
  pages         = "007",
  eprint        = "0811.4622",
  archiveprefix = "arXiv",
  doi           = "10.1088/1126-6708/2009/02/007",
  slaccitation  = "%%CITATION = 0811.4622;%%"                                                                                               
}


@Article{         wjetsxs,
  collaboration = "ATLAS",
  title         = "{Single Boson and Diboson Production Cross Sections in pp
                  Collisions at $\sqrt{s}=7$ TeV}",
  journal       = "ATL-COM-PHYS-2010-695",
  year          = "2010"
}

@Article{         ct101,
  author        = "{H.-L.~Lai et al.}",
  title         = "New parton distributions for collider physics",
  journal       = prd,
  year          = "2010",
  volume        = "82",
  pages         = "074024",
  archiveprefix = "arXiv",
  eprint        = "1007.2241",
  primaryclass  = "hep-ph"
}

@Article{         mcatnlo_2,
  author        = {Stefano Frixione and Eric Laenen and Patrick Motylinski
                  and Bryan R. Webber},
  title         = "{Single-top production in MC@NLO}",
  journal       = jhep,
  volume        = {03},
  pages         = {092},
  year          = {2006},
  doi           = "10.1088/1126-6708/2006/03/092",
  eprint        = "0512250",
  archiveprefix = "arXiv",
  primaryclass  = "hep-ph"
}


@Article{         powheg,
  author        = {Paolo Nason},
  title         = "{A new method for combining NLO QCD with shower Monte
                  Carlo algorithms}",
  journal       = jhep,
  volume        = {11},
  pages         = {040},
  doi           = {10.1088/1126-6708/2004/11/040},
  year          = {2004}
}


@article{Frixione:2007vw,
      author         = "Frixione, Stefano and Nason, Paolo and Oleari, Carlo",
      title          = "{Matching NLO QCD computations with Parton Shower
                        simulations: the POWHEG method}",
      journal        = "JHEP",
      volume         = "0711",
      pages          = "070",
      doi            = "10.1088/1126-6708/2007/11/070",
      year           = "2007",
      eprint         = "0709.2092",
      archivePrefix  = "arXiv",
      primaryClass   = "hep-ph",
      reportNumber   = "BICOCCA-FT-07-9, GEF-TH-21-2007",
      SLACcitation   = "%%CITATION = ARXIV:0709.2092;%%",
}


@article{Alioli:2010xd,
      author         = "Alioli, Simone and Nason, Paolo and Oleari, Carlo and Re,
                        Emanuele",
      title          = "{A general framework for implementing NLO calculations in
                        shower Monte Carlo programs: the POWHEG BOX}",
      journal        = "JHEP",
      volume         = "1006",
      pages          = "043",
      doi            = "10.1007/JHEP06(2010)043",
      year           = "2010",
      eprint         = "1002.2581",
      archivePrefix  = "arXiv",
      primaryClass   = "hep-ph",
      reportNumber   = "DESY-10-018, SFB-CPP-10-22, IPPP-10-11, DCPT-10-22",
      SLACcitation   = "%%CITATION = ARXIV:1002.2581;%%",
}

@article{Czakon:2011xx,
      author         = "Czakon, Michal and Mitov, Alexander",
      title          = "{Top++: A Program for the Calculation of the Top-Pair
                        Cross-Section at Hadron Colliders}",
      journal        = "Comput.Phys.Commun.",
      volume         = "185",
      pages          = "2930",
      doi            = "10.1016/j.cpc.2014.06.021",
      year           = "2014",
      eprint         = "1112.5675",
      archivePrefix  = "arXiv",
      primaryClass   = "hep-ph",
      reportNumber   = "CERN-PH-TH-2011-303, TTK-11-58",
      SLACcitation   = "%%CITATION = ARXIV:1112.5675;%%",
}


@Article{Lai:2010vv,
      author         = "Lai, Hung-Liang and others",
      title          = "{New parton distributions for collider physics}",
      journal        = "Phys.Rev.",
      volume         = "D82",
      pages          = "074024",
      doi            = "10.1103/PhysRevD.82.074024",
      year           = "2010",
      eprint         = "1007.2241",
      archivePrefix  = "arXiv",
      primaryClass   = "hep-ph",
      reportNumber   = "MSUHEP-100707, SMU-HEP-10-10",
      SLACcitation   = "%%CITATION = ARXIV:1007.2241;%%",
}



@Article{Nason:2004rx,
      author         = "Nason, Paolo",
      title          = "{A New method for combining NLO QCD with shower Monte
                        Carlo algorithms}",
      journal        = "JHEP",
      volume         = "0411",
      pages          = "040",
      doi            = "10.1088/1126-6708/2004/11/040",
      year           = "2004",
      eprint         = "hep-ph/0409146",
      archivePrefix  = "arXiv",
      primaryClass   = "hep-ph",
      reportNumber   = "BICOCCA-FT-04-11",
      SLACcitation   = "%%CITATION = HEP-PH/0409146;%%",
}


@Article{Pumplin:2002vw,
      author         = "Pumplin, J. and others",
      title          = "{New generation of parton distributions with
                        uncertainties from global QCD analysis}",
      journal        = "JHEP",
      volume         = "0207",
      pages          = "012",
      doi            = "10.1088/1126-6708/2002/07/012",
      year           = "2002",
      eprint         = "hep-ph/0201195",
      archivePrefix  = "arXiv",
      primaryClass   = "hep-ph",
      reportNumber   = "MSU-HEP-011101",
      SLACcitation   = "%%CITATION = HEP-PH/0201195;%%",
}


@Article{Skands:2010ak,
      author         = "Skands, Peter Zeiler",
      title          = "{Tuning Monte Carlo Generators: The Perugia Tunes}",
      journal        = "Phys.Rev.",
      volume         = "D82",
      pages          = "074018",
      doi            = "10.1103/PhysRevD.82.074018",
      year           = "2010",
      eprint         = "1005.3457",
      archivePrefix  = "arXiv",
      primaryClass   = "hep-ph",
      reportNumber   = "MCNET-10-08, CERN-PH-TH-2010-113",
      SLACcitation   = "%%CITATION = ARXIV:1005.3457;%%",
}



@Booklet{ATLAS:2011krm,
     author  = "{ATLAS Collaboration}",
     title   = "{Further ATLAS tunes of PYTHIA6 and Pythia 8}",
     howpublished = "{ATL-PHYS-PUB-2011-014}",
     note     = "\url{http://cds.cern.ch/record/1400677}"
}


@Article{Mangano:2006rw,
      author         = "Mangano, Michelangelo L. and Moretti, Mauro and
                        Piccinini, Fulvio and Treccani, Michele",
      title          = "{Matching matrix elements and shower evolution for
                        top-quark production in hadronic collisions}",
      journal        = "JHEP",
      volume         = "0701",
      pages          = "013",
      doi            = "10.1088/1126-6708/2007/01/013",
      year           = "2007",
      eprint         = "hep-ph/0611129",
      archivePrefix  = "arXiv",
      primaryClass   = "hep-ph",
      reportNumber   = "CERN-PH-TH-2006-232, FNT-T-2006-09",
      SLACcitation   = "%%CITATION = HEP-PH/0611129;%%",
}


@Article{Kramer:2012bx,
      author         = "Kramer, Michael and Kulesza, Anna and van der Leeuw,
                        Robin and Mangano, Michelangelo and Padhi, Sanjay and
                        others",
      title          = "{Supersymmetry production cross sections in pp collisions
                        at $\sqrt{s} = 7$~TeV}",
      year           = "2012",
      eprint         = "1206.2892",
      archivePrefix  = "arXiv",
      primaryClass   = "hep-ph",
      reportNumber   = "CERN-PH-TH-2012-163",
      SLACcitation   = "%%CITATION = ARXIV:1206.2892;%%",
}


@Article{Beenakker:1996ch,
      author         = "Beenakker, W. and Hopker, R. and Spira, M. and Zerwas,
                        P.M.",
      title          = "{Squark and gluino production at hadron colliders}",
      journal        = "Nucl.Phys.",
      volume         = "B492",
      pages          = "51-103",
      doi            = "10.1016/S0550-3213(97)00084-9",
      year           = "1997",
      eprint         = "hep-ph/9610490",
      archivePrefix  = "arXiv",
      primaryClass   = "hep-ph",
      reportNumber   = "DESY-96-150, CERN-TH-96-215",
      SLACcitation   = "%%CITATION = HEP-PH/9610490;%%",
}

@Article{Hinchliffe_Meff,
      author         ="{I. Hinchliffe, F. E. Paige, M. D. Shapiro, J. Soerqvist, and W. Yao}",
      title          ="{Precision SUSY measurements at CERN LHC}",
      journal        = "Phys. Rev. D",
      volume         = "55",
      pages          ="5520",
      doi="10.1103/PhysRevD.55.5520",
      year           = "1997",
      eprint         = "hep-ph/9610544",
      archivePrefix  = "arXiv",
      primaryClass   = "hep-ph",
      }

@Article{Kulesza:2008jb,
      author         = "Kulesza, A. and Motyka, L.",
      title          = "{Threshold resummation for squark-antisquark and
                        gluino-pair production at the LHC}",
      journal        = "Phys.Rev.Lett.",
      volume         = "102",
      pages          = "111802",
      doi            = "10.1103/PhysRevLett.102.111802",
      year           = "2009",
      eprint         = "0807.2405",
      archivePrefix  = "arXiv",
      primaryClass   = "hep-ph",
      reportNumber   = "DESY-08-096",
      SLACcitation   = "%%CITATION = ARXIV:0807.2405;%%",
}


@Article{Kulesza:2009kq,
      author         = "Kulesza, A. and Motyka, L.",
      title          = "{Soft gluon resummation for the production of
                        gluino-gluino and squark-antisquark pairs at the LHC}",
      journal        = "Phys.Rev.",
      volume         = "D80",
      pages          = "095004",
      doi            = "10.1103/PhysRevD.80.095004",
      year           = "2009",
      eprint         = "0905.4749",
      archivePrefix  = "arXiv",
      primaryClass   = "hep-ph",
      reportNumber   = "DESY-09-078, PITHA-09-11",
      SLACcitation   = "%%CITATION = ARXIV:0905.4749;%%",
}

@article{Beenakker:2009ha,
      author         = "Beenakker, Wim and Brensing, Silja and Kramer, Michael
                        and Kulesza, Anna and Laenen, Eric and others",
      title          = "{Soft-gluon resummation for squark and gluino
                        hadroproduction}",
      journal        = "JHEP",
      volume         = "0912",
      pages          = "041",
      doi            = "10.1088/1126-6708/2009/12/041",
      year           = "2009",
      eprint         = "0909.4418",
      archivePrefix  = "arXiv",
      primaryClass   = "hep-ph",
      reportNumber   = "ITP-UU-09-33, NIKHEF-2009-015",
      SLACcitation   = "%%CITATION = ARXIV:0909.4418;%%",
}

@Article{Beenakker:2011fu,
      author         = "Beenakker, W. and Brensing, S. and Kramer, M. and
                        Kulesza, A. and Laenen, E. and others",
      title          = "{Squark and gluino hadroproduction}",
      journal        = "Int.J.Mod.Phys.",
      volume         = "A26",
      pages          = "2637-2664",
      doi            = "10.1142/S0217751X11053560",
      year           = "2011",
      eprint         = "1105.1110",
      archivePrefix  = "arXiv",
      primaryClass   = "hep-ph",
      reportNumber   = "DESY-11-060, ITFA-11-09, ITP-UU-11-13, NIKHEF-2011-011,
                        TTK-11-12",
      SLACcitation   = "%%CITATION = ARXIV:1105.1110;%%",
}

@Article{Aad:2010ah,
      author         = "Aad, G. and others",
      title          = "{The ATLAS Simulation Infrastructure}",
      collaboration  = "ATLAS",
      journal        = "Eur.Phys.J.",
      volume         = "C70",
      pages          = "823-874",
      doi            = "10.1140/epjc/s10052-010-1429-9",
      year           = "2010",
      eprint         = "1005.4568",
      archivePrefix  = "arXiv",
      primaryClass   = "physics.ins-det",
      SLACcitation   = "%%CITATION = ARXIV:1005.4568;%%",
}

@Article{Agostinelli:2002hh,
      author         = "Agostinelli, S. and others",
      title          = "{GEANT4: A Simulation toolkit}",
      collaboration  = "GEANT4",
      journal        = "Nucl.Instrum.Meth.",
      volume         = "A506",
      pages          = "250-303",
      doi            = "10.1016/S0168-9002(03)01368-8",
      year           = "2003",
      reportNumber   = "SLAC-PUB-9350, FERMILAB-PUB-03-339",
      SLACcitation   = "%%CITATION = NUIMA,A506,250;%%",
}


@Booklet{ATLAS:1300517,
     author  = "{ATLAS Collaboration}",
     title   = "The simulation principle and performance of the ATLAS fast calorimeter simulation FastCaloSim",
     howpublished = "{ATL-PHYS-PUB-2010-013}",
     note     = "\url{http://cds.cern.ch/record/1300517}"
}



@Article{Sherstnev:2007nd,
      author         = "Sherstnev, A. and Thorne, R.S.",
      title          = "{Parton Distributions for LO Generators}",
      journal        = "Eur.Phys.J.",
      volume         = "C55",
      pages          = "553-575",
      doi            = "10.1140/epjc/s10052-008-0610-x",
      year           = "2008",
      eprint         = "0711.2473",
      archivePrefix  = "arXiv",
      primaryClass   = "hep-ph",
      reportNumber   = "CAVENDISH-HEP-2007-12",
      SLACcitation   = "%%CITATION = ARXIV:0711.2473;%%",
}


@Article{Campbell:2012dh,
      author         = "Campbell, John M. and Ellis, R. Keith",
      title          = "{$t \bar{t} W^{+-}$ production and decay at NLO}",
      journal        = "JHEP",
      volume         = "1207",
      pages          = "052",
      doi            = "10.1007/JHEP07(2012)052",
      year           = "2012",
      eprint         = "1204.5678",
      archivePrefix  = "arXiv",
      primaryClass   = "hep-ph",
      reportNumber   = "FERMILAB-PUB-12-109-T",
      SLACcitation   = "%%CITATION = ARXIV:1204.5678;%%",
}

@Article{Kardos:2011na,
      author         = "Kardos, Adam and Trocsanyi, Zoltan and Papadopoulos,
                        Costas",
      title          = "{Top quark pair production in association with a Z-boson
                        at NLO accuracy}",
      journal        = "Phys.Rev.",
      volume         = "D85",
      pages          = "054015",
      doi            = "10.1103/PhysRevD.85.054015",
      year           = "2012",
      eprint         = "1111.0610",
      archivePrefix  = "arXiv",
      primaryClass   = "hep-ph",
      SLACcitation   = "%%CITATION = ARXIV:1111.0610;%%",
}

@Article{Catani:2009sm,
      author         = "Catani, Stefano and Cieri, Leandro and Ferrera, Giancarlo
                        and de Florian, Daniel and Grazzini, Massimiliano",
      title          = "{Vector boson production at hadron colliders: a fully
                        exclusive QCD calculation at NNLO}",
      journal        = "Phys.Rev.Lett.",
      volume         = "103",
      pages          = "082001",
      doi            = "10.1103/PhysRevLett.103.082001",
      year           = "2009",
      eprint         = "0903.2120",
      archivePrefix  = "arXiv",
      primaryClass   = "hep-ph",
      SLACcitation   = "%%CITATION = ARXIV:0903.2120;%%",
}


@Article{Sjostrand:2007gs,
      author         = "Sjostrand, Torbjorn and Mrenna, Stephen and Skands, Peter
                        Z.",
      title          = "{A Brief Introduction to PYTHIA 8.1}",
      journal        = "Comput.Phys.Commun.",
      volume         = "178",
      pages          = "852-867",
      doi            = "10.1016/j.cpc.2008.01.036",
      year           = "2008",
      eprint         = "0710.3820",
      archivePrefix  = "arXiv",
      primaryClass   = "hep-ph",
      reportNumber   = "CERN-LCGAPP-2007-04, LU-TP-07-28,
                        FERMILAB-PUB-07-512-CD-T",
      SLACcitation   = "%%CITATION = ARXIV:0710.3820;%%",
}

@Article{Fayet:1979sa,
     author    = "Fayet, P.",
     title     = "{Relations Between the Masses of the Superpartners of
                  Leptons and Quarks, the Goldstino Couplings and the Neutral
                  Currents}",
     journal   = "Phys. Lett.",
     volume    = "B84",
     year      = "1979",
     pages     = "416",
     doi       = "10.1016/0370-2693(79)91229-2",
     SLACcitation  = "%%CITATION = PHLTA,B84,416;%%"
}


@article{Aad:2008zzm,
      title          = "{The ATLAS Experiment at the CERN Large Hadron Collider}",
      collaboration  = "ATLAS Collaboration",
      journal        = "JINST",
      volume         = "3",
      pages          = "S08003",
      doi            = "10.1088/1748-0221/3/08/S08003",
      year           = "2008",
      SLACcitation   = "%%CITATION = JINST,3,S08003;%%",
}

@article{ATLAS-CONF-2012-043,
      author         = "{ATLAS Collaboration}",
      title         = "{Measurement of the b-tag Efficiency in a Sample of Jets
                       Containing Muons with 5 $fb^{-1}$ of Data from the ATLAS
                       Detector}",
      institution   = "CERN",
      collaboration = "ATLAS Collaboration",
      address       = "Geneva",
      number        = "ATLAS-CONF-2012-043",
      month         = "Mar",
      note           = "\url{https://cds.cern.ch/record/1435197}",
      year          = "2012",
      }

@article{LH-LHC-SUSY2013,
      author         = "{ATLAS Collaboration}",
      title         = "{Prospects for benchmark Supersymmetry searches at the high luminosity LHC with the ATLAS Detector}",
      institution   = "CERN",
      collaboration = "ATLAS Collaboration",
      address       = "Geneva",
      number        = "ATLAS-PHYS-PUB-2013-011",
      note           = "\url{https://cds.cern.ch/record/1604505}",
      month         = "Sep",
      year          = "2013",
}
      
@article{LH-LHC-SUSY2014,
      author         = "{ATLAS Collaboration}",
      title         = "{Search for Supersymmetry at the high luminosity LHC with the ATLAS experiment}",
      institution   = "CERN",
      collaboration = "ATLAS Collaboration",
      address       = "Geneva",
      number        = "ATLAS-PHYS-PUB-2014-010",
      note           = "\url{https://cds.cern.ch/record/1735031}",
      month         = "Jul",
      year          = "2014",
}      



@Article{RooFit1,
      author         = "{R. D. Cousins, J. T. Linnemann, J. Tucker}",
      title         = "{Statistical Challenges for Searches for New Physics at the LHC}",
      journal        = "NIM A",
      volume         = "595",
      pages          = "480",
      doi            = "10.1016/j.nima.2008.07.086",
      year           = "2008",
      eprint         = "physics/0702156",
      archivePrefix  = "arXiv",
      primaryClass   = "physics",
      SLACcitation   = "%%CITATION = ARXIV:1111.0610;%%",
      }

@Article{RooFit2-old,
      author         = "{K. Cranmer}",
      title         = "{Statistical Challenges for Searches for New Physics at the LHC}",
      eprint         = "physics/0511028",
      archivePrefix  = "arXiv",
      primaryClass   = "physics",
      SLACcitation   = "%%CITATION = ARXIV:1111.0610;%%",
      }

@Article{RooFit2,
      author         = "Cranmer, K.",
      title          = "{Statistical challenges for searches for new physics at
                        the LHC}",
      pages          = "",
      year           = "2005",
      eprint         = "physics/0511028",
      archivePrefix  = "arXiv",
      SLACcitation   = "%%CITATION = PHYSICS/0511028;%%",
}

@article{RooFit3,
      author         = "Linnemann, James T.",
      title          = "{Measures of significance in HEP and astrophysics}",
      journal        = "eConf",
      volume         = "C030908",
      pages          = "MOBT001",
      year           = "2003",
      eprint         = "physics/0312059",
      archivePrefix  = "arXiv",
      primaryClass   = "physics.data-an",
      reportNumber   = "PHYSTAT-2003-MOBT001",
      SLACcitation   = "%%CITATION = PHYSICS/0312059;%%",
}


@Article{RooFit3-old,
      author         = "{J. T. Linnemann}",
      title         = "{Measures of Significance in HEP and Astrophysics}",
      eprint         = "physics/0312059",
      archivePrefix  = "arXiv",
      primaryClass   = "physics",
      SLACcitation   = "%%CITATION = ARXIV:1111.0610;%%",
}      



