@article{bnl,
  title = {Final report of the E821 muon anomalous magnetic moment measurement at BNL},
  author = {Bennett et al., G. W. },
  collaboration = {Muon (g-2) Collaboration},
  journal = {Phys. Rev. D},
  volume = {73},
  issue = {7},
  pages = {072003},
  numpages = {41},
  year = {2006},
  month = {Apr},
  publisher = {American Physical Society},
  doi = {10.1103/PhysRevD.73.072003},
  url = {http://link.aps.org/doi/10.1103/PhysRevD.73.072003}
}


@article{phen,
    author    = {Fred Jegerlehner and Andreas Nyffeler },
    title     = {The Muon g-2},
    journal   = {arXiv:0902.3360v1},
       year      = {2009}
  }
  
	
@misc{doe,
      author = "http://science.energy.gov/hep/facilities/projects-missions-and-status/",
      title = "Muon g-2",
        year = "2012",
      url = ""
}


@article{zeeman,
  title = {High Precision Measurements of the Ground State Hyperfine Structure Interval of Muonium and of the Muon Magnetic Moment},
  author = {Liu et al., W. },
  journal = {Phys. Rev. Lett.},
  volume = {82},
  issue = {4},
  pages = {711--714},
  numpages = {0},
  year = {1999},
  month = {Jan},
  publisher = {American Physical Society},
  doi = {10.1103/PhysRevLett.82.711},
  url = {http://link.aps.org/doi/10.1103/PhysRevLett.82.711}
}

    @article{alpha,
  author={R. Bouchendira and P. Clade and S. Guellati-Khelifa and F. Nez and F. Biraben},
  title={},
  journal={Phys. Rev. Lett.},
  volume={106},
  number={080801},
  pages={080801},
  year={2011},
  abstract={}
  }
  
  @article{qed,
      author         = "Aoyama, Tatsumi and Hayakawa, Masashi and Kinoshita,
                        Toichiro and Nio, Makiko",
      title          = "{Complete Tenth-Order QED Contribution to the Muon g-2}",
      journal        = "Phys.Rev.Lett.",
      volume         = "109",
      pages          = "111808",
      doi            = "10.1103/PhysRevLett.109.111808",
      year           = "2012",
      eprint         = "1205.5370",
      archivePrefix  = "arXiv",
      primaryClass   = "hep-ph",
      reportNumber   = "RIKEN-QHP-26",
      SLACcitation   = "%%CITATION = ARXIV:1205.5370;%%",
}

@article{ew,
      author         = "Gnendiger, C. and Stšckinger, D. and Stšckinger-Kim,
                        H.",
      title          = "{The electroweak contributions to $(g-2)_\mu$ after the
                        Higgs boson mass measurement}",
      journal        = "Phys.Rev.",
      volume         = "D88",
      pages          = "053005",
      doi            = "10.1103/PhysRevD.88.053005",
      year           = "2013",
      eprint         = "1306.5546",
      archivePrefix  = "arXiv",
      primaryClass   = "hep-ph",
      SLACcitation   = "%%CITATION = ARXIV:1306.5546;%%",
}

@article{ew1,
      author         = "Jegerlehner, Fred and Nyffeler, Andreas",
      title          = "{The Muon g-2}",
      journal        = "Phys.Rept.",
      volume         = "477",
      pages          = "1-110",
      doi            = "10.1016/j.physrep.2009.04.003",
      year           = "2009",
      eprint         = "0902.3360",
      archivePrefix  = "arXiv",
      primaryClass   = "hep-ph",
      reportNumber   = "HU-EP-09-07, HRI-P-09-02-001, RECAPP-HRI-2009-003",
      SLACcitation   = "%%CITATION = ARXIV:0902.3360;%%",
}

@article{hadlo1,
      author         = "Davier, Michel and Hoecker, Andreas and Malaescu, Bogdan
                        and Zhang, Zhiqing",
      title          = "{Reevaluation of the Hadronic Contributions to the Muon
                        g-2 and to alpha(MZ)}",
      journal        = "Eur.Phys.J.",
      volume         = "C71",
      pages          = "1515",
      doi            = "10.1140/epjc/s10052-012-1874-8,
                        10.1140/epjc/s10052-010-1515-z",
      year           = "2011",
      eprint         = "1010.4180",
      archivePrefix  = "arXiv",
      primaryClass   = "hep-ph",
      reportNumber   = "CERN-OPEN-2010-021, LAL-10-155",
      SLACcitation   = "%%CITATION = ARXIV:1010.4180;%%",
}


@article{hadlo2,
      author         = "Hagiwara, Kaoru and Liao, Ruofan and Martin, Alan D. and
                        Nomura, Daisuke and Teubner, Thomas",
      title          = "{(g-2)_mu and alpha(M_Z^2) re-evaluated using new precise
                        data}",
      journal        = "J.Phys.",
      volume         = "G38",
      pages          = "085003",
      doi            = "10.1088/0954-3899/38/8/085003",
      year           = "2011",
      eprint         = "1105.3149",
      archivePrefix  = "arXiv",
      primaryClass   = "hep-ph",
      reportNumber   = "KEK-TH-1458, LTH-913, IPPP-11-18, DCPT-11-36, TU-883",
      SLACcitation   = "%%CITATION = ARXIV:1105.3149;%%",
}

@article{hlbl,
      author         = "Prades, Joaquim and de Rafael, Eduardo and Vainshtein,
                        Arkady",
      title          = "{Hadronic Light-by-Light Scattering Contribution to the
                        Muon Anomalous Magnetic Moment}",
       journal   = {arXiv:0901.0306},
      year           = "2009",
      eprint         = "0901.0306",
      archivePrefix  = "arXiv",
      primaryClass   = "hep-ph",
      reportNumber   = "UG-FT-242-08, CAFPE-112-08, CPT-P092-2008,
                        FTPI-MINN-08-41, UMN-TH-2723-08",
      SLACcitation   = "%%CITATION = ARXIV:0901.0306;%%",
}

@article{bmt,
      author         = "Bargmann, V. and Michel, Louis and Telegdi, V.L.",
      title          = "{Precession of the polarization of particles moving in a
                        homogeneous electromagnetic field}",
      journal        = "Phys.Rev.Lett.",
      volume         = "2",
      pages          = "435",
      doi            = "10.1103/PhysRevLett.2.435",
      year           = "1959",
      SLACcitation   = "%%CITATION = PRLTA,2,435;%%",
}

@article{pdg,
      author         = "Beringer et al., J.",
      title          = "{Review of Particle Physics (RPP)}",
      collaboration  = "Particle Data Group",
      journal        = "Phys.Rev.",
      volume         = "D86",
      pages          = "010001",
      doi            = "10.1103/PhysRevD.86.010001",
      year           = "2012",
      SLACcitation   = "%%CITATION = PHRVA,D86,010001;%%",
}


@article{e989,
      author         = "Carey et al., R.M. ",
      title          = "{The New (g-2) Experiment: A proposal to measure the muon
                        anomalous magnetic moment to +-0.14 ppm precision}",
                             year           = "2009",
      journal   = "FERMILAB-PROPOSAL-0989",
      SLACcitation   = "%%CITATION = FERMILAB-PROPOSAL-0989 ETC.;%%",
}

@book{book,
    author    = "Friedrich Jegerlehner",
    title     = "The Anomalous Magnetic Moment of the Muon",
    year      = "2008",
    publisher = "Springer Berlin Heidelberg",
    address   = "Berlin"
}

@PhdThesis{thesis,
    author    = "Ruofan Liao",
    title     = "{The anomalous magnetic moment of the muon and the QED coupling at the Z-boson mass}",
    school    = "University of Liverpool",
        month    = "September",
       year      = "2011",
}

@article{new_th,
      author         = "Blum et al., Thomas",
      title          = "{The Muon (g-2) Theory Value: Present and Future}",
      journal		="arXiv:1311.2198",
      year           = "2013",
      eprint         = "1311.2198",
      archivePrefix  = "arXiv",
      primaryClass   = "hep-ph",
      SLACcitation   = "%%CITATION = ARXIV:1311.2198;%%",
}

@book{jackson,
    author    = "John David Jackson",
    title     = "Classical Electrodynamics",
    year      = "1999",
    publisher = "John Wiley and Sons, INC.",
       edition = "3rd Edition",
           address = "Berkley"
}

@book{shankar,
    author    = "R. Shankar",
    title     = "Principles of Quantum Mechanics",
    year      = "1994",
    publisher = "Springer",
    edition = "2nd Edition",
        address = "Yale"
}

@book{peskin,
    author    = "Michael E. Peskin and Daniel V. Schroeder",
    title     = "An Introduction to Quantum Field Theory",
    year      = "1995",
    publisher = "Westview Press",
    address = "SLAC"
}

@ARTICLE{cern,
   author = "Montague, B.W.",
    title = "Polarized beams in high energy storage rings",
     year = "1984",
    month = "nov",
   volume = "113",
    pages = "1-96",
    journal ="Physics Reports",
      doi = "10.1016/0370-1573(84)90031-0",
   adsurl = "http://adsabs.harvard.edu/abs/1984PhR...113....1M",
  adsnote = "Provided by the SAO/NASA Astrophysics Data System"
}

